<?xml version="1.0" encoding="UTF-8"?><collection xmlns="http://www.loc.gov/MARC21/slim"><record><leader>00375nam--2200133-i-4500</leader><controlfield tag="001">000002351</controlfield><controlfield tag="002">20161230</controlfield><controlfield tag="005">20161230201025</controlfield><controlfield tag="008">060222s1000------------r-----000-0-eng-d</controlfield><datafield ind1=" " ind2=" " tag="100"><subfield code="a">Ivo Slaus</subfield></datafield><datafield ind1=" " ind2=" " tag="260"><subfield code="a">Few Body Problems, Light Nuclei, And Nuclear Interactions. Proceedings</subfield></datafield><datafield ind1=" " ind2=" " tag="490"><subfield code="a">New York, Gordon And Breach, Sci. Publ., 1968</subfield></datafield><datafield ind1=" " ind2=" " tag="700"><subfield code="a">Guy Paic</subfield></datafield><datafield ind1=" " ind2=" " tag="852"><subfield code="a">539.17.01</subfield></datafield></record></collection>